@book{Kernighan,
	author = {Brian W. Kernighan,  Dennis M. Ritchie},
	title = {The C Programming Language},
	publisher = {Prentice Hall},
	year = {1988},
}

@book{Gottfried,
	author = {Byron Gottfried},
	title = {Programaci\'on en C},
	publisher = {Mc Graw Hill},
	year = {1998},
}

@book{Schildt,
	author = {Herbert Schildt},
	title = {C Manual de referencia},
	publisher = {Mc Graw Hill},
	year = {2001},
}

@book{Stallman,
	author = {Richard Stallman},
	title = {GNU Make},
	publisher = {http://www.gnu.org/manual/make/html\_node/make.html},
}

@book{Hernando,
	author = {Carlos Hernando},
	title = {Uso práctico de CVS},
	publisher = {http://acm.asoc.fi.upm.es/$\tilde{\ }$chernando/doc/cvs/},
        year = {2001},
}


@book{Marshall,
	author = {David Marshall},
	title = {Programming in C},
	publisher = {http://laurel.datsi.fi.upm.es/$\tilde{\ }$ssoo/C/CE.html/},
        year = {1994},
}

@book{Adan,
	author = {Yari Adán},
	title = {Introducción a los depuradores},
	publisher = {http://acm.asoc.fi.upm.es/documentacion/seminario2002/linux/depuradores.pdf},
        year = {2002},
}

